@article{natarajan2016robust,
  title={Robust self-testing of many-qubit states},
  author={Natarajan, Anand and Vidick, Thomas},
  journal={arXiv preprint arXiv:1610.03574},
  year={2016}
}

@article{de2022spectral,
  title={Spectral gap and stability for groups and non-local games},
  author={de la Salle, Mikael},
  journal={arXiv preprint arXiv:2204.07084},
  year={2022}
}